<?xml version='1.0' encoding='UTF-8'?>
<record xmlns="http://www.loc.gov/MARC21/slim">
  <leader>01731cam a2200373 a 4500</leader>
  <controlfield tag="001">314788</controlfield>
  <controlfield tag="003">NjP</controlfield>
  <controlfield tag="005">20170605130102.0</controlfield>
  <controlfield tag="008">860701s1951    ua            000 0 ara d</controlfield>
  <datafield tag="024" ind1="7" ind2=" ">
    <subfield code="a">princeton_aco003011</subfield>
    <subfield code="2">local</subfield>
  </datafield>
  <datafield ind1=" " ind2=" " tag="035">
    <subfield code="a">(OCoLC)ocn175675298</subfield>
  </datafield>
  <datafield ind1=" " ind2=" " tag="040">
    <subfield code="a">NjP</subfield>
    <subfield code="c">PUL</subfield>
    <subfield code="d">PUL</subfield>
  </datafield>
  <datafield ind1=" " ind2=" " tag="035">
    <subfield code="a">(OCoLC)175675298</subfield>
  </datafield>
  <datafield ind1=" " ind2=" " tag="035">
    <subfield code="a">(CStRLIN)NJPG86-B26697</subfield>
  </datafield>
  <datafield ind1=" " ind2=" " tag="035">
    <subfield code="9">ABP0087TS</subfield>
  </datafield>
  <datafield ind1=" " ind2=" " tag="035">
    <subfield code="a">(NjP)314788</subfield>
  </datafield>
  <datafield ind1=" " ind2=" " tag="079">
    <subfield code="a">ocm79717691</subfield>
  </datafield>
  <datafield ind1=" " ind2=" " tag="049">
    <subfield code="a">PULL</subfield>
  </datafield>
  <datafield ind1="1" ind2=" " tag="100">
    <subfield code="6">880-01</subfield>
    <subfield code="a">Ismāʻīl, Muḥammad Muḥammad.</subfield>
  </datafield>
  <datafield ind1="1" ind2="3" tag="245">
    <subfield code="6">880-02</subfield>
    <subfield code="a">al-Iqtiṣād fī ḍawʼ al-Islām /</subfield>
    <subfield code="c">ṣaḥḥaḥahu wa-rājaʻahu Muḥammad Muḥammad Ismāʻīl ʻAbduh.</subfield>
  </datafield>
  <datafield ind1=" " ind2=" " tag="260">
    <subfield code="6">880-03</subfield>
    <subfield code="a">al-Qāhirah :</subfield>
    <subfield code="b">Jāmiʻat Fūʼād, Jamʻīyat al-Dirāsāt al-Islāmīyah, al-Iqtiṣād wa-al-Māl,</subfield>
    <subfield code="c">1951.</subfield>
  </datafield>
  <datafield ind1=" " ind2=" " tag="300">
    <subfield code="a">114 p. ;</subfield>
    <subfield code="c">24 cm.</subfield>
  </datafield>
  <datafield ind1="1" ind2=" " tag="490">
    <subfield code="6">880-04</subfield>
    <subfield code="a">al-Kitāb al-sanawī lil-Jamʻīyah ;</subfield>
    <subfield code="v">1</subfield>
  </datafield>
  <datafield ind1=" " ind2="0" tag="650">
    <subfield code="a">Economics</subfield>
    <subfield code="x">Religious aspects</subfield>
    <subfield code="x">Islam.</subfield>
    <subfield code="0">http://id.loc.gov/authorities/subjects/sh91004207</subfield>
  </datafield>
  <datafield ind1=" " ind2="0" tag="650">
    <subfield code="a">Islam</subfield>
    <subfield code="x">Economic aspects.</subfield>
    <subfield code="0">http://id.loc.gov/authorities/subjects/sh96003700</subfield>
  </datafield>
  <datafield ind1=" " ind2="0" tag="830">
    <subfield code="6">880-05</subfield>
    <subfield code="a">Kitāb al-sanawī ;</subfield>
    <subfield code="v">1</subfield>
  </datafield>
  <datafield ind1="1" ind2=" " tag="880">
    <subfield code="6">100-01/r</subfield>
    <subfield code="a">اسماعيل، محمد محمد.</subfield>
  </datafield>
  <datafield ind1="1" ind2="2" tag="880">
    <subfield code="6">245-02/r</subfield>
    <subfield code="a">الاقتصاد في ضوء الاسلام /</subfield>
    <subfield code="c">صححه وراجعه محمد محمد اسماعيل عبده.</subfield>
  </datafield>
  <datafield ind1=" " ind2=" " tag="880">
    <subfield code="6">260-03/r</subfield>
    <subfield code="a">القاهرة :</subfield>
    <subfield code="b">جامعة فوآد، جمعية الدراسات الاسلامية، الاقتصاد والمال،</subfield>
    <subfield code="c">1951.</subfield>
  </datafield>
  <datafield ind1="1" ind2=" " tag="880">
    <subfield code="6">490-04/r</subfield>
    <subfield code="a">الكتاب السنوي للجمعية ؛</subfield>
    <subfield code="v">1</subfield>
  </datafield>
  <datafield ind1=" " ind2="0" tag="880">
    <subfield code="6">830-05/r</subfield>
    <subfield code="a">كتاب السنوي ؛</subfield>
    <subfield code="v">1</subfield>
  </datafield>
  <datafield ind1=" " ind2=" " tag="998">
    <subfield code="a">08/18/88</subfield>
    <subfield code="s">9118</subfield>
    <subfield code="n">NjP</subfield>
    <subfield code="w">NJPG86B26697</subfield>
    <subfield code="d">07/01/86</subfield>
    <subfield code="c">KVV</subfield>
    <subfield code="b">KVV</subfield>
    <subfield code="i">880818</subfield>
    <subfield code="l">NJPG</subfield>
  </datafield>
  <datafield ind1=" " ind2=" " tag="911">
    <subfield code="a">19921028</subfield>
  </datafield>
  <datafield ind1=" " ind2=" " tag="912">
    <subfield code="a">19900827000000.0</subfield>
  </datafield>
  <datafield ind1=" " ind2=" " tag="994">
    <subfield code="a">C0</subfield>
    <subfield code="b">PUL</subfield>
  </datafield>
  <datafield ind1=" " ind2=" " tag="999">
    <subfield code="a">314788</subfield>
  </datafield>
  <datafield ind1="0" ind2="0" tag="852">
    <subfield code="0">344393</subfield>
    <subfield code="b">rcppa</subfield>
    <subfield code="t">1</subfield>
    <subfield code="h">BP173.75</subfield>
    <subfield code="i">.A33</subfield>
    <subfield code="x">tr fr arab</subfield>
  </datafield>
  <datafield ind1=" " ind2=" " tag="959">
    <subfield code="a">2000-06-13 00:00:00 -0500</subfield>
  </datafield>
</record>
